@Book{GNSS_MR,
 author = {},
 title = {GNSS market report},
 publisher = {European Commission Publications Office},
 year = {2015},
 address = {City},
 isbn = {978-92-9206-013-8}
 }

@INPROCEEDINGS{GNSS-SDR11,
 AUTHOR = {C.~{Fern\'{a}ndez--Prades} and J.~Arribas and P.~Closas
           and C.~Avil\'{e}s and L.~Esteve},
 TITLE = {{GNSS-SDR}: An Open Source Tool For Researchers and Developers},
 BOOKTITLE = {Proc. of the ION GNSS 2011 Conference},
 YEAR = {2011},
 address = {Portland, Oregon},
 month = {Sept.}
}

@ARTICLE{Vila17c,
author={J. Vil\`a-Valls and P. Closas and M. Navarro and C. Fern\'andez-Prades},  
journal={IEEE Aerospace \& Electronic Systems Magazine}, 
title={Are {PLL}s Dead? {A} Tutorial on {K}alman Filter-based Techniques for Digital Carrier Synchronization}, 
month = {July},
year={2017}
}

@INPROCEEDINGS{Vila17d,
 AUTHOR = {Vil\`a-Valls, Jordi and Fern{\'a}ndez-Prades, Carles and Closas, Pau and Arribas, Javier},
 TITLE = {Noise Statistics Estimation Techniques for Robust GNSS Carrier Tracking},
 BOOKTITLE = {Proc. of the ION GNSS+},
 YEAR = {2017},
 MONTH = {Sept.},
 DAY = {25--29}
}

@INPROCEEDINGS{Vila-14a,
  AUTHOR =       {J. Vil\`a-Valls and P. Closas and C. Fern\'andez-Prades},
  TITLE =        {On the Identifiability of Noise Statistics and Adaptive {KF} Design for Robust {GNSS} Carrier Tracking},
  BOOKTITLE =    {Proc. of the {IEEE} Aerospace Conference},
  YEAR =  {2015},
  month = {March}
}

@INPROCEEDINGS{Vila-14b,
  AUTHOR =       {J. Vil\`a-Valls and P. Closas and C. Fern\'andez-Prades},
  TITLE =        {Advanced {KF}-based Methods for {GNSS} Carrier Tracking and Ionospheric Scintillation Mitigation},
  BOOKTITLE =    {Proc. of the {IEEE} Aerospace Conference},
  YEAR =  {2015},
  month = {March}
}

@ARTICLE{Dunik17a,
author={J. Dun\'ik and O. Straka and O. Kost and J. Havl\'ik},
journal={Int. J. Adapt. Control Signal Process.},
title={{Noise covariance matrices in state-space models: A survey and comparison of estimation methods--Part I}},
month={July},
year = {2017}}


@ARTICLE{Myer-76,
  AUTHOR =       {K.~A.~Myers and B.~D.~Tapley},
  TITLE =        {Adaptive sequential estimation with unknown noise statistics},
  JOURNAL =      {IEEE Trans. on {A}utomatic {C}ontrol},
  YEAR =         {1976},
  volume =       {21},
number= {8},
  pages =   {520--523}
}

@ARTICLE{Odel-06a,
  AUTHOR =       {B.~J.~Odelson and M.~R.~Rajamani and J.~B.~Rawlings},
  TITLE =        {A new autocovariance least--square method for estimating noise covariances},
  JOURNAL =      {Automatica},
  YEAR =         {2006},
  volume =       {42},
number= {2},
  pages =   {303--308}
}

@ARTICLE{Odel-06b,
  AUTHOR =       {B.~J.~Odelson and M.~R.~Rajamani and J.~B.~Rawlings},
  TITLE =        {The autocovariance least--square method for estimating covariances: application to model--based control of chemical reactors},
  JOURNAL =      {IEEE Trans. on {C}ontrol {S}ystem {T}echnology},
  YEAR =         {2006},
  volume =       {14},
number= {3},
  pages =   {532--540}
}